@article{Culotta,
author = {Culotta, Aron},
year = {2012},
month = {03},
pages = {},
title = {Lightweight methods to estimate influenza rates and alcohol sales volume from Twitter messages},
volume = {47},
journal = {Language Resources and Evaluation},
doi = {10.1007/s10579-012-9185-0}
}